@misc{NESDoc,
  author = {Patrick Diskin},
  title = {Nintendo Entertainment System Documentation v1.0},
  url = "https://www.nesdev.org/NESDoc.pdf",
  year = {2004}
}

@misc{NES:arch,
  author = {Marat Fayzullin},
  title = {Nintendo Entertainment System Architecture v2.6},
  url = "https://fms.komkon.org/EMUL8/NES.html",
  year = {2005}
}

@misc{6502:ref,
  author = {Andrew John Jacobs},
  title = {6502 Reference},
  url = "http://www.6502.org/users/obelisk/",
  year = {2002}
}

@misc{2A03:ref,
  author = {Brad Taylor},
  title = {2A03 technical reference},
  url = "https://www.nesdev.org/2A03%20technical%20reference.txt",
  year = {2004}
}

@misc{65k:vhdl,
  author = {Andr√© Fachat},
  title = {The 65k Project},
  url = "https://github.com/fachat/af65k",
  year = {2010}
}

@misc{6502:vhdl,
  author = {David Kessner},
  editor = {Robert Sprowson},
  title = {Free-6502},
  url = "https://www.sprow.co.uk/dump/index.htm#Free6502",
  year = {1999}
}

@misc{2A03:chipimages,
  author = {Quietust},
  title = {Chip Images},
  url = "https://www.qmtpro.com/~nes/chipimages/index.php",
  year = {2011}
}

@misc{6502:asm,
  author = {Nick Morgan},
  title = {Easy 6502},
  url = "https://skilldrick.github.io/easy6502/",
  year = {2012}
}


@misc{adder:patent,
  author = {Mos Technology Inc},
  title = {Integrated circuit microprocessor with parallel binary adder having on-the-fly correction to provide decimal results},
  url = "https://patents.google.com/patent/US3991307",
  year = {1975}
}

@book{6502:manual,
  author = {Joseph J. Carr},
  year = {1984},
  title = {6502 User's Manual},
  publisher = {Reston Pub. Co.}
}

@manual{commodore64,
  year = {1987},
  title = {COMMODORE 64 PROGRAMMER'S REFERENCE GUIDE},
  organization = {Commodore Business Machines, Inc.}
}

@manual{6502:datasheet,
  title        = "MCS6501 - MCS6505 MICROPROCESSORS",
  organization = "MOS Technology, Inc.",
  year         = "1975",
}

@manual{6502:hwmanual,
  title        = "MCS6500 MICROCOMPUTER FAMILY HARDWARE MANUAL",
  organization = "MOS Technology, Inc.",
  year         = "1976",
}

@manual{6502:swmanual,
  title        = "MCS6500 MICROCOMPUTER FAMILY SOFTWARE MANUAL",
  organization = "MOS Technology, Inc.",
  year         = "1976",
}

@proceedings{6502:visual,
  editor    = "Greg James and Barry Silverman and Brian Silverman",
  title     = "Visualizing a Classic CPU In Action: The 6502",
  series    = "ACM SIGGRAPH",
  publisher = "Association for Computing Machinery",
  address   = "New York, NY, United States",
  year      = 2010
}
